<?xml version="1.0" encoding="UTF-8"?><collection xmlns="http://www.loc.gov/MARC21/slim"><record><leader>00439nam--2200157-i-4500</leader><controlfield tag="001">000009235</controlfield><controlfield tag="002">20161230</controlfield><controlfield tag="005">20170305221643</controlfield><controlfield tag="008">060222s1000------------r-----000-0-eng-d</controlfield><datafield ind1=" " ind2=" " tag="100"><subfield code="a">Bona, Blair E</subfield></datafield><datafield ind1=" " ind2=" " tag="245"><subfield code="a">State space analysis: an introduction</subfield></datafield><datafield ind1=" " ind2=" " tag="260"><subfield code="a">New York</subfield><subfield code="b">Mcgraw-hill Book Co</subfield><subfield code="c">1968</subfield></datafield><datafield ind1=" " ind2=" " tag="300"><subfield code="a">IX + 406 p</subfield></datafield><datafield ind1=" " ind2=" " tag="490"><subfield code="a">Mcgraw-hill Series In Elecronic Sistems</subfield></datafield><datafield ind1=" " ind2=" " tag="700"><subfield code="a">Timothy, Lamar K</subfield></datafield><datafield ind1=" " ind2=" " tag="CAT"><subfield code="a">SYS</subfield><subfield code="c">20170305</subfield><subfield code="h">221643</subfield></datafield></record></collection>